%TA reachability - 1
@Incollection{bengtsson2004timed,
  author={Johan Bengtsson and Wang Yi},
  title={Timed Automata: Semantics, Algorithms and Tools},
  booktitle={Lectures on Concurrency and {P}etri Nets},
  volume={3098},
  year={2004},
  pages={87--124},
  series={LNCS},
  publisher={Springer Berlin Heidelberg}
}

%CEGAR - 2
@article{clarke2003counterexample,
  author={Edmund M. Clarke and
               Orna Grumberg and
               Somesh Jha and
               Yuan Lu and
               Helmut Veith},
  title={Counterexample-guided abstraction refinement for symbolic model checking},
  journal={Journal of the ACM (JACM)},
  volume={50},
  number={5},
  pages={752--794},
  year={2003}
}

%\label{MDP CEGAR}
@inproceedings{kwiatkowska2006game,
  title={Game-based abstraction for Markov decision processes},
  author={Kwiatkowska, Marlena and Norman, Gethin and Parker, Dennis},
  booktitle={Quantitative Evaluation of Systems, 2006. QEST 2006. Third International Conference on},
  pages={157--166},
  year={2006},
  organization={IEEE}
}
%Hybrid CEGAR
@Article{journals/fmsd/PrabhakarDM015,
	title =	"Hybrid automata-based {CEGAR} for rectangular hybrid
	systems",
	author =	"Pavithra Prabhakar and Parasara Sridhar Duggirala and
	Sayan Mitra and Mahesh Viswanathan 0001",
	journal =	"Formal Methods in System Design",
	year = 	"2015",
	number =	"2",
	volume =	"46",
	bibdate =	"2015-05-12",
	bibsource =	"DBLP,
	http://dblp.uni-trier.de/db/journals/fmsd/fmsd46.html#PrabhakarDM015",
	pages =	"105--134",
	URL =  	"http://dx.doi.org/10.1007/s10703-015-0225-4",
}
%Petris (Ákosék:))
@Article{journals/actaC/HajduVBM14,
	title =	"Extensions to the {CEGAR} Approach on Petri Nets",
	author =	"{\'A}kos Hajdu and Andr{\'a}s V{\"o}r{\"o}s and
	Tam{\'a}s Bartha and Zolt{\'a}n M{\'a}rtonka",
	journal =	"Acta Cybern",
	year = 	"2014",
	number =	"3",
	volume =	"21",
	bibdate =	"2014-09-15",
	bibsource =	"DBLP,
	http://dblp.uni-trier.de/db/journals/actaC/actaC21.html#HajduVBM14",
	pages =	"401--417",
	URL =  	"http://www.inf.u-szeged.hu/actacybernetica/edb/vol21n3/Hajdu_2014_ActaCybernetica.xml",
}
%Opaalos
@incollection{dalsgaard2011opaal,
  title={opaal: A lattice model checker},
  author={Dalsgaard, Andreas Engelbredt and Hansen, Ren{\'e} Rydhof and J{\o}rgensen, Kenneth Yrke and Larsen, Kim Gulstrand and Olesen, Mads Chr and Olsen, Petur and Srba, Ji{\v{r}}{\'\i}},
  booktitle={NASA Formal Methods},
  pages={487--493},
  year={2011},
  publisher={Springer}
}
%Locationos
@article{kemper2007sat,
  title={{SAT}-based abstraction refinement for real-time systems},
  author={Stephanie Kemper and
          Andr{\'{e}} Platzer},
  journal={Electronic Notes in Theoretical Computer Science},
  volume={182},
  pages={107--122},
  year={2007}
}
%Normal autos
@article{nagaoka2010abstraction,
  title={An abstraction refinement technique for timed automata based on counterexample-guided abstraction refinement loop},
  author={Takeshi Nagaoka and
          Kozo Okano and
          Shinji Kusumoto},
  journal={{IEICE} Transactions},
  volume={93-D},
  number={5},
  pages={994--1005},
  year={2010}
}
%Uppaalos - 5
@incollection{dierks2007automatic,
  title={Automatic abstraction refinement for timed automata},
  author={Henning Dierks and
          Sebastian Kupferschmid and
          Kim Guldstrand Larsen},
  booktitle={Formal Modeling and Analysis of Timed Systems, {FORMATS'07}},
  series={LNCS},
  volume={4763},
  year={2007},
  pages={114--129},
  publisher={Springer}
}
%valtozosok
@inproceedings{he2010compositional,
  title={Compositional abstraction refinement for timed systems},
  author={Fei He and
          He Zhu and
          William N. N. Hung and
          Xiaoyu Song and
          Ming Gu},
  booktitle={Theoretical Aspects of Software Engineering},
  publisher = {{IEEE} Computer Society},
  pages={168--176},
  year={2010}
}
@inproceedings{okano2011clock,
  title={Clock Number Reduction Abstraction on {CEGAR} Loop Approach to Timed Automaton},
  author={Kozo Okano and
          Behzad Bordbar and
          Takeshi Nagaoka},
  booktitle={Second International Conference on Networking and Computing, {ICNC} 2011},
  publisher = {{IEEE} Computer Society},
  pages={235--241},
  year={2011}
}

%probablistic timed cegar
@inproceedings{yamane2015development,
  title={Development of probabilistic timed {CEGAR}},
  author={Yamane, Satoshi and Shimizu, Takaya},
  booktitle={2014 2nd International Conference on Systems and Informatics, ICSAI 2014},
  number={7009336},
  pages={482--491},
  year={2015}
}

@inproceedings{nagaoka2010reachability,
  title={Reachability Analysis of Probabilistic Timed Automata Based on an Abstraction Refinement Technique},
  author={Nagaoka, Takeshi and Ito, Akihiko and Tanaka, Toshiaki and Okano, Kozo and Kusumoto, Shinji},
  booktitle={International Workshop on Empirical Software Engineering in Practice 2010 (IWESEP 2010)},
  pages={33}
}
%Activity, Equality
@InProceedings{RSS96*73,
	author =	"C. Daws and S. Yovine",
	title =	"Reducing the number of clock variables of timed
	automata",
	pages =	"73--81",
	booktitle =	"Proceedings of the 17th {IEEE} Real-Time Systems
	Symposium ({RSS} '96",
	ISBN = 	"0-8186-7689-2",
	month =	dec,
	publisher =	"IEEE",
	address =	"Washington - Brussels - Tokyo",
	year = 	"1996",
}
%Logic
@Book{books/daglib/0019162,
	title =	"The calculus of computation - decision procedures with
	applications to verification",
	author =	"Aaron R. Bradley and Zohar Manna",
	publisher =	"Springer",
	year = 	"2007",
	bibdate =	"2011-03-23",
	pages =	"I--XV, 1--366",
	URL =  	"http://dx.doi.org/10.1007/978-3-540-74113-8",
}
%Akos 7
@Book{biere2009handbook,
	author =	"Armin Biere and Marijn J. H. Heule and Hans van Maaren
	and Toby Walsh",
	title =	"Handbook of Satisfiability",
	publisher =	"IOS Press",
	year = 	"2009",
	month =	feb,
	volume =	"185",
	series =	"Frontiers in Artificial Intelligence and
	Applications",
	address =	"Amsterdam",
	ISBN = 	"978-1-58603-929-5",
	URL =  	"http://www.iospress.nl/loadtop/load.php?isbn=9781586039295",
	project =	"SAT",
	group =	"ALG",
}
%Akos 3
@InProceedings{Cook71,
	author =	"S. Cook",
	title =	"The complexity of theorem-proving procedures",
	booktitle =	"Proc. 3rd Annual ACM Symposium on Theory of
	Computing",
	pages =	"151--158",
	year = 	"1971",
	keywords =	"conf, c1971, c197x, c19xx, procedure, NP complete,
	NPC, decision problem, complexity, problems,
	nondeterministic, non-deterministic, Turing machine,
	polynomial time, reducible, reducibility, theorem
	proving",
	abstract =	"{"}It is shown that any recognition problem solved by
	a polynomial time-bounded nondeterministic Turing
	machine can be {"}reduced{"} to the problem of
	determining whether a given propositional formula is a
	tautology. Here {"}reduced{"} means, roughly speaking,
	that the first problem can be solved deterministically
	in polynomial time provided an oracle is available for
	solving the second. From this notion of reducible,
	polynomial degrees of difficulty are defined, \& it is
	shown that the problem of determining tautologyhood has
	the same polynomial degree as the problem of
	determining whether the first of two given graphs is
	isomorphic to a subgraph of the second. Other examples
	are discussed. A method of measuring the complexity of
	proof procedures for the predicate calculus is
	introduced and discussed.{"} --
	[http://doi.acm.org/10.1145/800157.805047
	(doi:10.1145/800157.805047)]['07].",
}
%Akos 4
@Article{oai:hal.archives-ouvertes.fr:hal-00868244,
	title =	"The International {SAT} Solver Competitions",
	author =	"Matti Jarvisalo and Daniel Le Berre and Olivier
	Roussel and Laurent Simon",
	year = 	"2012",
	bibsource =	"OAI-PMH server at hal.archives-ouvertes.fr",
	language =	"ENG",
	oai =  	"oai:hal.archives-ouvertes.fr:hal-00868244",
	source =	"Artificial Intelligence Magazine (AI Magazine)",
	subject =	"[INFO:INFO_AI] Computer Science/Artificial
	Intelligence",
	URL =  	"http://hal.archives-ouvertes.fr/hal-00868244",
}
%Akos 11
@Article{Church36a,
	author =	"A. Church",
	title =	"A note on the Entscheidungsproblem",
	journal =	"The J. of Symbolic Logic",
	volume =	"1",
	number =	"1",
	pages =	"40--41",
	month =	mar,
	year = 	"1936",
	keywords =	"Alonzo, Entscheidungsproblem, Turing, halting problem,
	c1936, c1193x, c19xx, halting problem, computable,
	computability, maths, logic, theory, formal",
	abstract =	"-- @[http://www.jstor.org/stable/2269326 (Jstor)]['09]
	via JR. And a correction in Sept. '36. [also search
	for: Church 193x], [and for: Kleene c193x].",
}
%Akos 12
@Article{Turing36,
	author =	"A. M. Turing",
	title =	"On computable numbers, with an application to the
	entscheidungsproblem",
	journal =	"Proc., London Mathematical Society",
	volume =	"2",
	number =	"42",
	pages =	"230--265",
	year = 	"1936",
	keywords =	"jrnl, c1936, c193x, c19xx, AlanTuring, Alan, Turing
	machine, halting problem, computability, decidability,
	completeness, maths, CSci, theory,",
	abstract =	"And also no.43, pp.544-546. Halting problem; also see
	[http://www.turingarchive.org/ (turingarchive)]['14];
	[also search for: Church c1936] and [also search for:
	AlanTuring].",
}
%springeres decision proc
@Book{series/txtcs/KroeningS08,
	title =	"Decision Procedures - An Algorithmic Point of View",
	author =	"Daniel Kroening and Ofer Strichman",
	publisher =	"Springer",
	year = 	"2008",
	bibdate =	"2015-09-09",
	ISBN = 	"978-3-540-74104-6; 978-3-540-74105-3",
	pages =	"1--304",
	series =	"Texts in Theoretical Computer Science. An EATCS
	Series",
	URL =  	"http://dx.doi.org/10.1007/978-3-540-74105-3",
}
%Akos 33
@Book{clarke_em-etal:1999a,
	author =	"Edmund M. Clarke and Orna Grumberg and Doron A.
	Peled",
	title =	"Model Checking",
	publisher =	"The {MIT} Press",
	year = 	"1999",
	address =	"Cambridge, Massachusetts",
	ISBN = 	"0262032708",
	rtnote =	"In RHT Collection. CS General shelves.",
	topic =	"model-checking;program-verification;",
}
%AKos 41
@Article{Clarke:1994:MCA,
	author =	"Edmund M. Clarke and Orna Grumberg and David E. Long",
	title =	"Model Checking and Abstraction",
	journal =	"ACM Transactions on Programming Languages and
	Systems",
	volume =	"16",
	number =	"5",
	pages =	"1512--1542",
	month =	sep,
	year = 	"1994",
	CODEN =	"ATPSDT",
	ISSN = 	"0164-0925 (print), 1558-4593 (electronic)",
	issn-l =	"0164-0925",
	bibsource =	"http://www.math.utah.edu/pub/tex/bib/toplas.bib",
	URL =  	"http://www.acm.org/pubs/toc/Abstracts/0164-0925/186051.html",
	abstract =	"We describe a method for using abstraction to reduce
	the complexity of temporal-logic model checking. Using
	techniques similar to those involved in abstract
	interpretation, we construct an abstract model of a
	program without ever examining the corresponding
	unabstracted model. We show how this abstract model can
	be used to verify properties of the original program.
	We have implemented a system based on these techniques,
	and we demonstrate their practicality using a number of
	examples, including a program representing a pipelined
	ALU circuit with over $10^{1300}$ states.",
	acknowledgement = "Preston Briggs, Tera Computer Company, 2815
	Eastlake East, Seattle, WA 98102, USA, Tel: +1 206
	325-0800, e-mail: \path|preston@tera.com|",
	fjournal =	"ACM Transactions on Programming Languages and
	Systems",
	journal-url =  "http://portal.acm.org/browse_dl.cfm?idx=J783",
	keywords =	"verification",
	subject =	"{\bf F.3.1}: Theory of Computation, LOGICS AND
	MEANINGS OF PROGRAMS, Specifying and Verifying and
	Reasoning about Programs, Mechanical verification. {\bf
	B.5.2}: Hardware, REGISTER-TRANSFER-LEVEL
	IMPLEMENTATION, Design Aids, Verification. {\bf D.3.1}:
	Software, PROGRAMMING LANGUAGES, Formal Definitions and
	Theory.",
}
%Akos 40
@InProceedings{BCCZ99,
	author =	"Armin Biere and Alessandro Cimatti and Edmund Clarke
	and Yunshan Zhu",
	title =	"Symbolic Model Checking without {BDDs}",
	series =	"LNCS",
	volume =	"1579",
	pages =	"193--207",
	year = 	"1999",
	editor =	"W. R. Cleaveland",
	booktitle =	"Tools and Algorithms for the Construction and Analysis
	of Systems. Part of European Conferences on Theory and
	Practice of Software, ETAPS'99, Amsterdam",
	publisher =	"Springer-Verlag",
}
%potential graph
@InProceedings{conf/sas/GangeNSSS16,
	title =	"Exploiting Sparsity in Difference-Bound Matrices",
	author =	"Graeme Gange and Jorge A. Navas and Peter Schachte and
	Harald S{\o}ndergaard and Peter J. Stuckey",
	bibdate =	"2016-09-01",
	bibsource =	"DBLP,
	http://dblp.uni-trier.de/db/conf/sas/sas2016.html#GangeNSSS16",
	booktitle =	"SAS",
	booktitle =	"Static Analysis - 23rd International Symposium, {SAS}
	2016, Edinburgh, {UK}, September 8-10, 2016,
	Proceedings",
	publisher =	"Springer",
	year = 	"2016",
	volume =	"9837",
	editor =	"Xavier Rival",
	ISBN = 	"978-3-662-53412-0",
	pages =	"189--211",
	series =	"Lecture Notes in Computer Science",
	URL =  	"http://dx.doi.org/10.1007/978-3-662-53413-7",
}
%pred abstraction
@InProceedings{Graf97a,
	author =	"S. Graf and H. Saidi",
	year = 	"1997",
	title =	"Construction of Abstract State Graphs with {PVS}",
	booktitle =	"Proc. 9th International Computer Aided Verification
	Conference",
	pages =	"72--83",
	abstract =	"In this paper, we propose a method for the automatic
	construction of an abstract state graph of an arbitrary
	system using the PVS theorem prover. Given a parallel
	composition of sequential processes and a partition of
	the state space induced by prediates y1, ..., yt on the
	program variables which defines an abstract state
	space, we construct an abstract state graph, starting
	in the abstract initial state. The possible successors
	of a state are computed using the PVS theorem prover by
	verifying for each index i if yi or -yi is a
	postcondition of it. This allows an abstract state
	space exploration for arbitrary programs.",
	keywords =	"Abstract Interpretation, State Graph Exploration,
	Theorem Proving",
}